@article{Bandelt1986,
  author = {Bandelt, Hans J{\"{u}}rgen and Dress, Andreas},
  doi = {10.1016/0196-8858(86)90038-2},
  journal = {Advances in Applied Mathematics},
  number = {3},
  pages = {309--343},
  title = {{Reconstructing the shape of a tree from observed dissimilarity data}},
  volume = {7},
  year = {1986}
}

@article{Brodal2013,
  author = {Brodal, Gerth St{\o}lting and Fagerberg, Rolf and Mailund, Thomas and Pedersen, Christian N. S. and Sand, Andreas},
  doi = {10.1137/1.9781611973105.130},
  isbn = {9781611972511},
  journal = {SODA '13 Proceedings of the twenty-fourth annual ACM-SIAM symposium on Discrete algorithms},
  pages = {1814--1832},
  title = {{Efficient algorithms for computing the triplet and quartet distance between trees of arbitrary degree}},
  year = {2013}
}

@article{Congreve2016,
  author = {Congreve, Curtis R. and Lamsdell, James C.},
  doi = {10.1111/pala.12236},
  issue = {3},
  journal = {Palaeontology},
  pages = {447-465},
  title = {{Implied weighting and its utility in palaeontological datasets: a study using modelled phylogenetic matrices}},
  volume = {59},
  year = {2016}
}

@article{Congreve2016dd,
  author = {Congreve, Curtis R. and Lamsdell, James C.},
  doi = {10.5061/dryad.7dq0j},
  journal = {Dryad Digital Repository},
  pages = {doi:10.5061/dryad.7dq0j},
  title = {{Data from: Implied weighting and its utility in palaeontological datasets: a study using modelled phylogenetic matrices}},
  year = {2016}
}

@article{Day1986,
  author = {Day, William H.E.},
  doi = {10.1093/sysbio/35.3.325},
  journal = {Systematic Biology},
  number = {3},
  pages = {325--333},
  title = {{Analysis of quartet dissimilarity measures between undirected phylogenetic trees}},
  volume = {35},
  year = {1986}
}

@article{Estabrook1985,
  author = {Estabrook, George F. and McMorris, F. R. and Meacham, Christopher A.},
  doi = {10.2307/2413326},
  journal = {Systematic Zoology},
  number = {2},
  pages = {193--200},
  title = {{Comparison of undirected phylogenetic trees based on subtrees of four evolutionary units}},
  volume = {34},
  year = {1985}
}

@article{Goloboff1993,
  author = {Goloboff, Pablo A.},
  doi = {10.1111/j.1096-0031.1993.tb00209.x},
  journal = {Cladistics},
  number = {1},
  pages = {83--91},
  title = {{Estimating character weights during tree search}},
  volume = {9},
  year = {1993}
}

@article{Goloboff1995,
  author = {Goloboff, Pablo A.},
  doi = {10.1111/j.1096-0031.1995.tb00006.x},
  issn = {0748-3007},
  journal = {Cladistics},
  number = {1},
  pages = {91--104},
  title = {{Parsimony and weighting: a reply to Turner and Zandee}},
  volume = {11},
  year = {1995}
}

@article{Goloboff2008,
  author = {Goloboff, Pablo A. and Carpenter, James M. and Arias, J. Salvador and Esquivel, Daniel Rafael Miranda},
  doi = {10.1111/j.1096-0031.2008.00209.x},
  issn = {07483007},
  journal = {Cladistics},
  number = {5},
  pages = {758--773},
  title = {{Weighting against homoplasy improves phylogenetic analysis of morphological data sets}},
  volume = {24},
  year = {2008}
}


@article{Goloboff2016,
  author = {Goloboff, Pablo A. and Catalano, Santiago A.},
  doi = {10.1111/cla.12160},
  journal = {Cladistics},
  number = {3},
  pages = {221--238},
  title = {{TNT version 1.5, including a full implementation of phylogenetic morphometrics}},
  volume = {32},
  year = {2016}
}

@inproceedings{Holt2014,
  address = {Philadelphia, USA},
  author = {Holt, Morten Kragelund and Johansen, Jens and Brodal, Gerth St{\o}lting},
  booktitle = {Proceedings of 16th Workshop on Algorithm Engineering and Experiments (ALENEX) Portland, Oregon, USA},
  publisher = {Society for Industrial and Applied Mathematics (SIAM)},
  title = {{On the scalability of computing triplet and quartet distances}},
  year = {2014}
}

@article{Huelsenbeck2001,
  author = {Huelsenbeck, John P. and Ronquist, Fredrik},
  doi = {10.1093/bioinformatics/17.8.754},
  journal = {Bioinformatics},
  number = {8},
  pages = {754--755},
  title = {MRBAYES: Bayesian inference of phylogenetic trees},
  volume = {17},
  year = {2001}
}

@article{Kullback1951,
  author = {Kullback, S. and Leibler, R. A.},
  doi = {10.1214/aoms/1177729694},
  journal = {The Annals of Mathematical Statistics},
  number = {1},
  pages = {79--86},
  title = {{On information and sufficiency}},
  volume = {22},
  year = {1951}
}

@article{Lewis2001,
  author = {Lewis, Paul O.},
  doi = {10.1080/106351501753462876},
  journal = {Systematic Biology},
  number = {6},
  pages = {913--925},
  title = {{A likelihood approach to estimating phylogeny from discrete morphological character data}},
  volume = {50},
  year = {2001}
}

@article{Marczewski1958,
  author = {Marczewski, Edward and Steinhaus, Hugo},
  journal = {Colloquium Mathematicae},
  number = {1},
  pages = {319--327},
  title = {{On a certain distance of sets and the corresponding distance of functions}},
  url = {https://eudml.org/doc/210378},
  volume = {6},
  year = {1958}
}

@article{Mirande2009,
  author = {Mirande, J. Marcos},
  doi = {10.1111/j.1096-0031.2009.00262.x},
  journal = {Cladistics},
  number = {6},
  pages = {574--613},
  title = {{Weighted parsimony phylogeny of the family Characidae (Teleostei: Characiformes)}},
  volume = {25},
  year = {2009}
}

@article{OReilly2016,
  author = {O'Reilly, Joseph E. and Puttick, Mark N. and Parry, Luke and Tanner, Alastair R. and Tarver, James E. and Fleming, James and Pisani, Davide and Donoghue, Philip C. J.},
  doi = {10.1098/rsbl.2016.0081},
  journal = {Biology Letters},
  number = {4},
  pages = {20160081},
  title = {{Bayesian methods outperform parsimony but at the expense of precision in the estimation of phylogeny from discrete morphological data}},
  volume = {12},
  year = {2016}
}

@article{Penny1985,
  author = {Penny, David and Hendy, M. D.},
  doi = {10.2307/2413347},
  journal = {Systematic Zoology},
  number = {1},
  pages = {75--82},
  title = {{The use of tree comparison metrics}},
  volume = {34},
  year = {1985}
}

@article{Robinson1981,
  author = {Robinson, David F. and Foulds, Leslie R.},
  doi = {10.1016/0025-5564(81)90043-2},
  isbn = {0025-5564},
  issn = {00255564},
  journal = {Mathematical Biosciences},
  number = {1-2},
  pages = {131--147},
  pmid = {21457008},
  title = {{Comparison of phylogenetic trees}},
  volume = {53},
  year = {1981}
}

@article{Sand2014,
  author = {Sand, Andreas and Holt, Morten K. and Johansen, Jens and Brodal, Gerth St{\o}lting and Mailund, Thomas and Pedersen, Christian N. S.},
  doi = {10.1093/bioinformatics/btu157},
  issn = {1460-2059},
  journal = {Bioinformatics},
  number = {14},
  pages = {2079--2080},
  title = {{tqDist: a library for computing the quartet and triplet distances between binary or general trees}},
  volume = {30},
  year = {2014}
}

@article{Schliep2011,
  author = {Schliep, K.P.},
  year = {2011},
  title = {{phangorn: phylogenetic analysis in R}},
  journal = {Bioinformatics},
  volume = {27},
  number = {4},
  pages = {592--593},
  doi = {10.1093/bioinformatics/btq706}
}

@article{Smith2015,
  author = {Smith, Martin R. and Caron, Jean-Bernard},
  doi = {10.1038/nature14573},
  journal = {Nature},
  number = {7558},
  pages = {75--78},
  title = {{\textit{Hallucigenia}'s head and the pharyngeal armature of early ecdysozoans}},
  volume = {523},
  year = {2015}
}

@article{Smith2019,
  author = {Smith, Martin R.},
  doi = {10.1101/227942},
  journal = {Biology Letters; preprint at BioRxiv},
  title = {Bayesian and parsimony approaches reconstruct informative trees from simulated morphological datasets},
  year = {in review}
}

@article{Steel1993,
  author = {Steel, M. A. and Penny, David},
  doi = {10.1093/sysbio/42.2.126},
  journal = {Systematic Biology},
  number = {2},
  pages = {126--141},
  title = {Distributions of tree comparison metrics---some new results},
  url = {http://www.math.canterbury.ac.nz/{~}m.steel/Non{\_}UC/files/research/distributions.pdf},
  volume = {42},
  year = {1993}
}

@misc{TreeSearch,
  author = {Smith, Martin R.},
  doi = {10.5281/zenodo.1042590},
  publisher = {The Comprehensive R Archive Network},
  title = {{TreeSearch: Phylogenetic Tree Search Using Custom Optimality Criteria}},
  year = {2018}
}

@article{Wilkinson1994,
  author = {Wilkinson, M.},
  doi = {10.1111/j.1096-0031.1994.tb00174.x},
  journal = {Cladistics},
  number = {2},
  pages = {221--223},
  title = {{Three-taxon statements: when is a parsimony analysis also a clique analysis?}},
  volume = {10},
  year = {1994}
}

@article{Zhang2016,
  author = {Zhang, Xi-Guang and Smith, Martin R. and Yang, Jie and Hou, Jin-Bo},
  doi = {10.1098/rsbl.2016.0492},
  journal = {Biology Letters},
  number = {9},
  pages = {20160492},
  title = {{Onychophoran-like musculature in a phosphatized Cambrian lobopodian}},
  volume = {12},
  year = {2016}
}
